%%%%%%%%%%%%%%%%%%%%%%%%%%%
%
% $Autor: Wings $
% $Datum: 2016-12-06 10:40:45Z $
% $Pfad: Math3/Skript/Produktspezifikation/Powerpoint/chapter04b.tex $
% $Version: 2839 $
%
%%%%%%%%%%%%%%%%%%%%%%%%%%%

% Strings

% Encoding: UTF-8

%preamble{
%\AtEveryBibitem{\clearfield{note}}
%}%


% BibTeX Entries


%%%%%%%%%%%%%%%%%%%%%%%%%%%%%%%%%%%%%%
%  A
%%%%%%%%%%%%%%%%%%%%%%%%%%%%%%%%%%%%%%


@online{KDD:2000,
  title        = {The KDD process for extracting useful knowledge from volumes of data},
  author       = {Mockus, Audris and Fielding, Roy T. and Herbsleb, James},
  year         = 2000,
  journal      = {Proceedings of the 22nd International Conference on Software Engineering},
  publisher    = {ACM},
  url          = {https://dl.acm.org/doi/10.1145/240455.240464}
}

@article{IEEE:1997,
  title        = {Data Mining and Knowledge Discovery in Databases: Implications for Scientific Databases},
  author       = {Fayyad, Usama and Piatetsky-Shapiro, Gregory and Smyth, Padhraic},
  journal    = {9th International Conference on Scientific and Statistical Database Management},
  year         = 1997,
  publisher = {IEEE},
  url          = {https://ieeexplore.ieee.org/document/621141}
}

@article{IEEE:2022,
  title        = {Landscape of Automated Log Analysis: A Systematic Literature Review and Mapping Study},
  author       = {IEEE},
  journal      = {IEEE Journals & Magazine},
  year         = 2022,
  publisher    = {IEEE},
  url          = {https://ieeexplore.ieee.org/document/9716129}
}

@article{IEEE:2020,
  title        = {Log Files Analysis For Network Intrusion Detection},
  author       = {Andre Brandao},
  journal      = {IEEE Conference Publication},
  year         = 2020,
  publisher    = {IEEE},
  url          = {https://ieeexplore.ieee.org/document/9199976}
}

@misc{Wings:2024,
  author       = {Prof. Elmar Wings},
  title        = {Lecture in Data Science and Analytics: Knowledge Discovery in Database (KDD) Process},
  year         = {2024},
  note         = {Master in Industrial Informatics, Hochschule Emden/Leer University of Applied Science}
}